<?xml version="1.0" encoding="UTF-8"?><collection xmlns="http://www.loc.gov/MARC21/slim"><record><leader>00454nam--2200169-i-4500</leader><controlfield tag="001">000019018</controlfield><controlfield tag="002">20161230</controlfield><controlfield tag="005">20161230201033</controlfield><controlfield tag="008">060222s1000------------r-----000-0-eng-d</controlfield><datafield ind1=" " ind2=" " tag="040"><subfield code="a">IFIN-HH</subfield></datafield><datafield ind1=" " ind2=" " tag="080"><subfield code="a">519.2</subfield></datafield><datafield ind1="1" ind2=" " tag="100"><subfield code="a">Epstein, Richard A</subfield></datafield><datafield ind1="1" ind2="0" tag="245"><subfield code="a">The theory of gambling and statistical logic</subfield><subfield code="c">Richard A. Epstein</subfield></datafield><datafield ind1=" " ind2=" " tag="260"><subfield code="a">New York, Academic Press, 1967</subfield></datafield><datafield ind1=" " ind2=" " tag="300"><subfield code="a">XIII + 492 P</subfield></datafield><datafield ind1=" " ind2=" " tag="852"><subfield code="a">28513</subfield><subfield code="c">519.2</subfield></datafield><datafield ind1=" " ind2=" " tag="CAT"><subfield code="a">Sys</subfield><subfield code="c">20100521</subfield><subfield code="h">110052</subfield></datafield></record></collection>